%this will store all bibliography
